@article{functional-Hudak,
  author    = {Paul Hudak},
  title     = {Conception, Evolution, and Application of Functional Programming Languages},
  journal   = {\textls{ACM} Comput. Surv.},
  volume    = {21},
  number    = {3},
  pages     = {359--411},
  year      = {1989},
  url       = {https://doi.org/10.1145/72551.72554},
  doi       = {10.1145/72551.72554},
  timestamp = {Wed, 14 Nov 2018 10:31:46 +0100},
  biburl    = {https://dblp.org/rec/journals/csur/Hudak89.bib},
  bibsource = {dblp computer science bibliography, https://dblp.org}
}

@article{functional-Hughes,
  author    = {John Hughes},
  title     = {Why Functional Programming Matters},
  journal   = {Comput. J.},
  volume    = {32},
  number    = {2},
  pages     = {98--107},
  year      = {1989},
  url       = {https://doi.org/10.1093/comjnl/32.2.98},
  doi       = {10.1093/comjnl/32.2.98},
  timestamp = {Sat, 20 May 2017 00:22:26 +0200},
  biburl    = {https://dblp.org/rec/journals/cj/Hughes89.bib},
  bibsource = {dblp computer science bibliography, https://dblp.org}
}

@book{sicp,
  author    = {Harold Abelson and
               Gerald J. Sussman},
  title     = {Structure and Interpretation of Computer Programs, Second Edition},
  publisher = {\textls{MIT} Press},
  year      = {1996},
  isbn      = {0-262-01153-0},
  timestamp = {Mon, 28 Jan 2002 16:12:01 +0100},
  biburl    = {https://dblp.org/rec/books/mit/AbelsonS96.bib},
  bibsource = {dblp computer science bibliography, https://dblp.org}
}

@article{fold-Hutton,
  author    = {Graham Hutton},
  title     = {A Tutorial on the Universality and Expressiveness of Fold},
  journal   = {J. Funct. Program.},
  volume    = {9},
  number    = {4},
  pages     = {355--372},
  year      = {1999},
  url       = {http://journals.cambridge.org/action/displayAbstract?aid=44275},
  timestamp = {Fri, 10 Jun 2011 14:42:12 +0200},
  biburl    = {https://dblp.org/rec/journals/jfp/Hutton99.bib},
  bibsource = {dblp computer science bibliography, https://dblp.org}
}

@inproceedings{bananas-Meijer,
  author    = {Erik Meijer and
               Maarten M. Fokkinga and
               Ross Paterson},
  editor    = {John Hughes},
  title     = {Functional Programming with Bananas, Lenses, Envelopes and Barbed
               Wire},
  booktitle = {Functional Programming Languages and Computer Architecture, 5th \textls{ACM}
               Conference, Cambridge, \textls{MA}, \textls{USA}, August 26--30, 1991, Proceedings},
  series    = {Lecture Notes in Computer Science},
  volume    = {523},
  pages     = {124--144},
  publisher = {Springer},
  year      = {1991},
  url       = {https://doi.org/10.1007/3540543961\_7},
  doi       = {10.1007/3540543961\_7},
  timestamp = {Tue, 14 May 2019 10:00:44 +0200},
  biburl    = {https://dblp.org/rec/conf/fpca/MeijerFP91.bib},
  bibsource = {dblp computer science bibliography, https://dblp.org}
}

@incollection{lambda-Barendregt,
  author    = {Hendrik Pieter Barendregt},
  editor    = {Jan van Leeuwen},
  title     = {Functional Programming and Lambda Calculus},
  booktitle = {Handbook of Theoretical Computer Science, Volume {B:} Formal Models
               and Semantics},
  pages     = {321--363},
  publisher = {Elsevier and \textls{MIT} Press},
  year      = {1990},
  url       = {https://doi.org/10.1016/b978-0-444-88074-1.50012-3},
  doi       = {10.1016/b978-0-444-88074-1.50012-3},
  timestamp = {Tue, 06 Aug 2019 09:45:21 +0200},
  biburl    = {https://dblp.org/rec/books/el/leeuwen90/Barendregt90.bib},
  bibsource = {dblp computer science bibliography, https://dblp.org}
}

@manual{haskell2010,
  editor = {Simon Marlow},
  title  = {Haskell 2010 Language Report},
  year   = {2010},
  url    = {https://www.haskell.org/onlinereport/haskell2010/}
}

@manual{stack,
  author  = {{Stack contributors}},
  title   = {The Haskell Tool Stack},
  version = {2.5.1},
  year    = {2020},
  url     = {https://docs.haskellstack.org/en/v2.5.1/}
}

@article{deptypecheck,
  author    = {Thierry Coquand},
  title     = {An Algorithm for Type-Checking Dependent Types},
  journal   = {Sci. Comput. Program.},
  volume    = {26},
  number    = {1-3},
  pages     = {167--177},
  year      = {1996},
  url       = {https://doi.org/10.1016/0167-6423(95)00021-6},
  doi       = {10.1016/0167-6423(95)00021-6},
  timestamp = {Wed, 17 Feb 2021 21:55:39 +0100},
  biburl    = {https://dblp.org/rec/journals/scp/Coquand96.bib},
  bibsource = {dblp computer science bibliography, https://dblp.org}
}

@inproceedings{scopedlabels,
  author    = {Daan Leijen},
  editor    = {Marko C. J. D. van Eekelen},
  title     = {Extensible records with scoped labels},
  booktitle = {Revised Selected Papers from the Sixth Symposium on Trends in Functional
               Programming, \textls{TFP} 2005, Tallinn, Estonia, 23-24 September 2005},
  series    = {Trends in Functional Programming},
  volume    = {6},
  pages     = {179--194},
  publisher = {Intellect},
  year      = {2005},
  timestamp = {Thu, 25 Oct 2007 13:58:58 +0200},
  biburl    = {https://dblp.org/rec/conf/sfp/Leijen05.bib},
  bibsource = {dblp computer science bibliography, https://dblp.org}
}

@book{funcdata,
  author    = {Chris Okasaki},
  title     = {Purely functional data structures},
  publisher = {Cambridge University Press},
  year      = {1999},
  isbn      = {978-0-521-66350-2},
  timestamp = {Wed, 20 Apr 2011 20:17:03 +0200},
  biburl    = {https://dblp.org/rec/books/daglib/0097014.bib},
  bibsource = {dblp computer science bibliography, https://dblp.org}
}
